
@article{ Elden:1,
       author = "Lars Elden",
       title = "Matrix Methods in Data Mining and Pattern Recognition",
       publisher = "SIAM Fundamentals of Algorithms" ,
       year = "2007" ,
       }
